@article{wikipedia_design_patterns,
  author  = {Wikipedia},
  title   = {Interpreter Pattern},
  url     = {https://en.wikipedia.org/wiki/Interpreter_pattern},
  urldate = {2020-03-08}
}